% This file was created with JabRef 2.7b.
% Encoding: UTF-8

@MISC{class_notes,
  author = {Iωάννης Τριανταφύλλου},
  title = {Σημειώσεις "Πιθανότητες - Στατιστική"},
  howpublished = {Σημειώσεις μαθήματος},
  year = {2012},
  institution = {Πανεπιστήμιο Πειραιώς}
}

@MISC{biostatistic,
  author = {Στυλιανός Κ. Τσίπος, Θ.Κ. Κωνσταντινίδης},
  title = {Βασικές Αρχές Βιοστατιστικής - Εφαρμογές με χρήση του SPSS},
  year = {2010},
  institution = {Φιλίππειο Φροντιστήριο Έρευνας}
}

@book{baseis_eap,
  title={Βάσεις Δεδομένων (Τόμος Γ`)},
  author={Χριστοδουλάκης Δημήτριος, Ξένος Μιχαήλ},
  year={2000},
  publisher={Ελληνικό Ανοικτό Πανεπιστήμιο}
}

@MISC{wiki:variance,
  author = {Wikipedia},
  title = {Διακύμανση --- {W}ikipedia{,} The Free Encyclopedia},
  howpublished = {\url{http://el.wikipedia.org/wiki/\%CE\%94\%CE\%B9\%CE\%B1\%CE\%BA\%CF\%8D\%CE\%BC\%CE\%B1\%CE\%BD\%CF\%83\%CE\%B7}},
  note = {[Πρόσβαση στις 23 Ιουλίου 2014]},
  timestamp = {2014.07.23},
  url = {http://el.wikipedia.org/wiki/\%CE\%94\%CE\%B9\%CE\%B1\%CE\%BA\%CF\%8D\%CE\%BC\%CE\%B1\%CE\%BD\%CF\%83\%CE\%B7}
}


@MISC{wiki:mean_value,
  author = {Wikipedia},
  title = {Μέσος όρος --- {W}ikipedia{,} The Free Encyclopedia},
  howpublished = {\url{http://el.wikipedia.org/wiki/\%CE\%9C\%CE\%AD\%CF\%83\%CE\%BF\%CF\%82\_\%CF\%8C\%CF\%81\%CE\%BF\%CF\%82}},
  note = {[Πρόσβαση στις 23 Ιουλίου 2014]},
  timestamp = {2014.07.23},
  url = {http://el.wikipedia.org/wiki/\%CE\%9C\%CE\%AD\%CF\%83\%CE\%BF\%CF\%82\_\%CF\%8C\%CF\%81\%CE\%BF\%CF\%82}
}

@MISC{wiki:median,
  author = {Wikipedia},
  title = {Median --- {W}ikipedia{,} The Free Encyclopedia},
  howpublished = {\url{http://en.wikipedia.org/wiki/Median}},
  note = {[Πρόσβαση στις 23 Ιουλίου 2014]},
  timestamp = {2014.07.23},
  url = {http://en.wikipedia.org/wiki/Median}
}

@MISC{wiki:percentile,
  author = {Wikipedia},
  title = {Percentile --- {W}ikipedia{,} The Free Encyclopedia},
  howpublished = {\url{http://en.wikipedia.org/wiki/Percentile}},
  note = {[Πρόσβαση στις 23 Ιουλίου 2014]},
  timestamp = {2014.07.23},
  url = {http://en.wikipedia.org/wiki/Percentile}
}

@MISC{wiki:mode,
  author = {Wikipedia},
  title = {Mode (statistics) --- {W}ikipedia{,} The Free Encyclopedia},
  howpublished = {\url{http://en.wikipedia.org/wiki/Mode\_\%28statistics\%29}},
  note = {[Πρόσβαση στις 23 Ιουλίου 2014]},
  timestamp = {2014.07.23},
  url = {http://en.wikipedia.org/wiki/Mode\_\%28statistics\%29}
}



